518091
767639
571559
1172113
1022492
921968
623509
976652
1062320
645500
1008999
956708
755461
790685
730566
861925
866288
555002
798879
544311
851245
745219
969532
896781
515974
532880
749555
699473
635512
774932
518599
1035827
560823
611903
683829
876926
592999
637865
692716
519578
731434
425603
581673
512099
586323
577264
741547
789665
545370
803276
620588
427805
1125979
938410
925227
1140543
988513
763580
687381
795927
672852
1191605
701852
911812
694912
729781
1030369
838570
639678
686310
835163
760498
793842
858005
685546
710931
583707
618938
563857
894224
772688
624617
726229
724897
900516
757931
1019424
1003234
778405
793862
842578
956024
737533
860842
679580
1023744
617376
862694
790658
925676
651066
906038
921609
621455
602415
881700
813103
691338
615033
744346
597104
939998
952652
464700
732278
1062604
685292
811937
1118192
539967
507802
934986
968583
899932
761674
753729
821865
934977
680739
459172
505336
655370
612458
450119
614273
532883
862727
961830
780477
613046
711140
782167
737435
576808
568450
561376
1010154
824764
872786
1155684
617741
790597
802517
906582
839016
798102
524486
648292
775937
554207
876258
1007495
910552
746433
653851
864269
797534
792329
600768
663764
576294
1182702
962123
836346
792641
586942
751311
785792
942496
675343
683865
558775
823814
785297
810039
683076
942302
975360
942945
762854
620234
950576
857656
768036
839859
916788
964256
870626
722930
654268
806942
631648
625007
742565
993504
641938
1273274
852804
552978
736737
759508
950887
926741
894678
1113293
646093
1496566
942897
839340
913576
830312
863411
764100
1002803
814627
860697
906082
1019559
1021188
580512
650085
662869
638205
511638
882529
889077
897020
610666
798565
679362
664582
726546
743150
815210
1008510
902687
837842
981893
1036060
894189
716071
802176
681803
702314
708671
981671
999435
816978
624553
589121
628678
400621
576308
820682
768809
989812
641646
719305
927588
792796
777684
760730
682431
572392
863436
963477
1014835
601964
472756
646388
765078
767675
868402
929263
992730
626034
657219
1016586
679152
890154
642463
1068225
736104
834260
775888
830321
942381
878500
1042624
753563
452338
1049024
1043757
883761
540779
605132
846748
751561
827024
597563
605598
1891067
694258
569446
784794
780628
845060
678302
744862
571719
785013
811463
752632
1163504
911512
1373014
906012
619816
959774
921176
667751
815118
792802
654205
594270
672247
995616
717316
878796
849130
777263
693448
1067783
888451
831929
932981
858088
862045
644904
641639
766145
728552
772539
633555
853924
797777
832368
658762
754392
914553
577095
673669
570420
589830
589645
1115325
806775
878454
742530
623005
639088
1062549
803015
784847
884076
863635
622581
925380
909528
888082
623445
751900
574288
534735
760124
772096
611054
731155
892033
888317
595956
474110
761688
701338
642209
598994
628957
673459
821770
540586
600391
541520
573499
678774
1057309
730328
983095
596343
961778
685380
570274
1018037
769980
581501
795558
780952
931771
634278
774212
914531
1036115
759621
925362
831751
690608
821219
1052896
1061920
609141
662764
765894
888378
696915
786970
854271
655904
831980
657212
701100
856174
613996
504955
944535
967400
812348
524262
759350
976884
835167
840147
785722
611189
655116
476749
825827
676126
479734
573741
537737
734069
633656
634992
536858
733155
1082876
782435
749230
934951
1020921
784975
822909
1067519
834770
812943
992145
598978
891635
980479
768805
944423
818567
934775
895712
1072407
854114
719460
957496
957660
570251
774967
809807
782493
676812
693658
634986
671104
677011
636687
782030
667620
841777
615668
843023
765980
1216098
836066
829145
791002
592423
980712
763702
586826
486264
783205
697565
577113
436173
565759
1040715
766202
730371
898931
823242
641602
636126
670900
603720
911136
671503
882764
897117
862711
590154
1006574
735748
866235
935765
895223
748421
963213
855489
912992
730277
1041670
476131
685190
755884
852799
746189
823462
722527
768538
721213
801256
948137
845709
709657
1065446
697339
859873
880305
644568
1015517
607330
753001
498523
500560
568549
753885
643211
871588
460991
461893
475334
818567
891058
557731
1061335
606414
637457
774719
498557
579385
705005
584517
898855
942626
722511
815072
587048
825662
866875
704469
720353
958565
767248
764875
691509
630926
672123
646974
678535
543391
699865
567764
602421
581389
691695
758924
483782
791519
779630
635213
629231
472479
640936
673783
450651
712755
937864
617594
773624
808579
739225
790047
784276
661464
644437
622334
570294
416658
583248
640104
549152
777436
539900
484090
683366
599965
542379
584816
634560
721355
597532
569561
570097
585285
843541
716250
678016
763738
710577
759555
987267
747822
862818
786730
1260283
618956
654367
535633
748671
631524
525990
598650
578055
634609
561407
560308
420319
520449
578461
465984
516180
576648
573411
658700
566821
532054
468029
545998
522368
611217
646405
404941
493269
483244
631486
580520
894938
580554
602562
539014
487145
594977
585102
493717
505778
758883
708047
428532
486640
590693
737400
649044
457576
806215
935131
626214
717132
558076
765430
586439
600138
481287
623466
519254
570708
541794
621730
533997
490644
695414
703316
854778
749354
620390
583297
821312
633427
652861
703240
572499
469677
616465
453846
657654
532069
630523
716030
645179
819955
755800
507394
1643644
509673
476689
633925
558522
430112
554488
673094
507777
412650
622037
670452
597333
594896
832851
582791
657912
612956
532431
652151
646993
602796
484742
974327
602592
455404
459972
580694
687042
443384
660728
644290
742611
674513
883782
426646
433989
449321
596510
834693
856834
493354
442473
435545
644896
556576
546021
898919
483852
619820
546653
595562
535840
604072
610682
636069
817792
736554
678287
720623
550168
556479
584022
551234
549268
504028
547533
550624
668786
771805
627854
603017
448313
543455
648483
631125
610841
513775
589002
467078
843914
665257
674247
554559
509014
500968
667206
550667
623725
440455
658589
767401
580550
400008
652183
886339
634411
536911
767013
498754
459735
547962
439143
495762
617764
509771
627553
612718
692947
473622
922405
496402
642619
536033
430930
740316
696085
643073
942252
489061
702253
571424
812583
551847
414098
412891
485407
593493
700842
496169
463165
641562
791605
895769
682194
704389
693585
808753
641055
535599
513811
571583
565871
440131
569198
600274
548856
547395
571657
492297
741547
884434
688399
934428
640893
495198
600939
732583
615357
482995
662403
537088
727465
660355
1158285
647963
556671
667986
842394
765230
460419
726405
693514
643955
600004
580548
605942
653347
563737
634361
463146
760821
643126
882632
848791
811599
787334
924208
573122
506438
548340
577841
718175
594826
532538
576029
786914
780951
566416
476901
598398
823121
747507
896721
933396
763637
637658
693390
401255
532248
590618
456306
449609
638512
567060
582250
611604
831227
531125
589625
603237
653930
781527
863644
585178
584582
541641
588899
640908
911554
582028
524729
532027
535393
477313
575148
594744
499752
589131
365907
509598
583262
630424
517682
668967
745375
649885
707587
628462
486041
417492
574242
951151
656042
462211
579610
905201
808965
662799
597072
431607
451389
551933
800903
601628
491945
508051
421409
905546
449585
514338
683164
695244
496719
459336
602970
457564
462608
872687
665544
607421
457136
682155
648517
656897
596492
798994
530228
680397
553801
753772
485458
447516
678710
667332
673916
420590
524100
434662
908965
553527
486818
698916
562562
545462
474262
582328
529526
630402
369649
599905
623694
793698
565295
531261
574807
588035
658183
494532
667907
578862
395206
966206
794237
787239
704988
798318
634287
470640
509800
638901
468789
466447
659117
670042
509776
687283
486021
588158
422194
642712
472587
492318
908766
593821
531309
582879
616644
594862
713415
681436
769205
500850
673867
637079
555707
525223
588810
615351
658039
452483
460602
531946
634698
554799
550261
531811
680189
614565
492249
1004977
800112
679997
641871
724055
742402
657804
614339
441983
696327
367854
663727
428810
523658
675785
527430
772419
700147
563480
690663
437545
537838
617733
766824
522372
515482
672777
657547
733055
451677
527701
571820
727129
599348
858853
836313
831941
661264
517367
550175
538203
505071
648464
517379
401141
596123
593408
615538
422527
577506
385741
616730
702312
889616
757599
700776
542875
675465
746638
659617
637688
858914
1602379
654290
718246
777140
452086
589240
656921
672171
785675
609088
672637
610088
552985
659859
513671
428979
538380
454052
526381
612909
435168
587614
642971
806946
810231
523405
616841
605288
705795
702425
744887
579183
643471
463779
678215
443557
569525
614482
530251
447436
823575
539598
828572
660082
671915
533524
530748
778160
515107
577433
530980
354868
575434
458500
700130
390285
786806
470613
658336
539585
470023
529018
927007
558443
710289
709798
913409
956366
787269
704343
596908
757877
632813
698505
561382
546026
623802
420451
579505
674048
645260
497351
493320
659750
740390
527336
535079
772697
513044
465735
513594
630834
602583
680590
541424
632242
467105
575706
618726
392244
506076
592960
540667
474828
639677
417581
526573
584789
619640
789641
504436
718656
487067
461243
634309
582520
557162
417313
626983
553256
528711
582054
707949
530601
791034
662702
638138
595703
585888
629917
979252
537291
625167
668314
597360
547773
568721
603226
664413
518851
541719
364447
966022
688871
706233
540402
483019
999263
624638
832984
593493
790466
477510
848003
874897
519472
711429
953617
767774
1129066
920472
1022539
674811
735246
656654
573877
460654
615975
653806
500536
556553
683996
629838
642426
589061
664008
679834
774220
847535
1293410
804288
715237
490964
875964
1023121
547686
629730
668079
737726
625847
828340
836389
845273
628232
743052
872925
1007902
629765
874675
453208
712947
449619
925551
1067853
724777
847765
777504
763947
875376
647872
522899
753290
903228
841542
646345
817540
741279
514245
525925
503605
935027
798012
1133990
809150
876824
891816
665616
624049
633401
730769
1077966
775640
726492
604523
664679
756506
561647
679151
885311
934308
617918
950331
958581
871481
904445
569580
581986
1012088
603473
686183
805003
701443
1170200
768014
847241
840760
896334
721382
606092
1036230
836056
642168
601479
913397
1060359
815333
860135
1016816
973162
1056376
725847
925451
469439
680210
754327
687928
848223
879097
726985
627755
956090
760976
935330
690893
1262988
829029
794773
717726
937793
766036
770290
829379
871226
978813
733507
972371
1199483
818387
536244
965775
933670
691181
433203
853594
806703
977179
647818
735777
714511
666769
604071
635463
493929
582515
487443
551536
569009
607181
759592
749916
691392
1036504
676131
581082
903290
962061
760443
729194
689834
706766
796078
887945
828421
723085
831437
942164
791551
622640
849778
1065214
667437
668092
498359
832606
698136
468312
847369
589925
860473
652856
911608
832447
644928
545317
579265
956223
913036
846852
730673
753582
503844
562667
625862
598760
788038
789751
558128
573937
672362
824800
628758
740728
556614
537227
769636
585525
597288
845721
665325
631974
839909
807375
744023
669785
666216
739356
1026404
797065
815145
956059
692528
902010
498703
479757
487331
449953
595963
598186
652560
430631
889948
672743
908216
802839
589326
541119
579123
424027
589960
767232
589459
861093
1012628
1001163
637210
1125313
961872
770876
737788
722443
933721
551915
804578
932407
999366
962839
534682
776232
526536
646720
878929
897778
666337
603689
883180
761288
775814
974846
706692
749818
759976
988293
770069
892921
763077
921677
673888
636317
625767
891169
1035333
679716
672084
462853
615795
691171
634500
701809
490903
794628
896254
541700
831381
676294
1066482
827875
848496
878666
719304
716556
838148
628513
830078
590081
616386
828958
862889
650269
653395
682159
505852
823269
976877
600842
984488
743434
1090164
895381
716108
953376
845442
592248
1059336
968969
903473
926518
775195
723635
843292
985869
875331
838047
782390
947711
804510
875081
1161833
749285
913137
638424
536671
613730
623939
878688
707996
886266
999284
784672
769474
796272
1018847
668986
739475
1046514
619225
972093
1025017
805284
857509
576641
556282
616768
625702
574507
535206
550070
706074
840229
588206
498622
628305
558253
641980
635891
669583
744071
608738
856982
1004964
664619
569862
784029
603867
988492
788946
673046
738296
636727
657373
721346
1041967
1080773
762947
764984
617349
571172
543573
683384
563656
583800
425195
598045
485549
514297
514931
511765
571787
968553
653142
531627
512207
456674
564218
626594
827774
745444
769246
753078
890329
744292
732462
921882
632549
758028
881359
682851
780387
477875
669654
906696
808315
612434
786499
634979
761124
881978
695375
1001928
886400
733305
749915
665158
746396
543164
766146
713965
766738
543128
630697
827303
802871
1012711
729433
700205
1066022
921752
450484
714298
898722
548972
683642
581810
511727
468647
458981
466927
465902
944973
1046468
802832
644059
1056225
914185
633791
823704
646418
700108
747678
761839
818417
707638
570277
716845
890051
839088
1075821
836853
696920
799297
695349
701033
539965
677084
708946
675268
784086
715526
609001
946025
621805
594057
893386
1128957
574930
974954
971478
693320
707487
628350
638073
1096652
646268
884515
954471
836137
736795
1078562
742303
734062
795051
866028
814509
826930
875446
901404
629970
687816
552906
656990
668562
696613
610146
504996
577289
464463
638880
1074306
683814
527026
760745
879007
566492
821112
781663
663213
834476
698092
732230
761794
863401
669121
747861
813163
719976
751155
1073193
725791
791303
814329
780883
374340
761272
682672
705726
940823
790998
739655
704788
614985
831310
846492
903385
776265
814163
976655
601897
555960
616677
609764
575341
750218
957660
734574
782245
652881
741334
830056
663541
760489
1027011
799959
773629
661952
725683
712190
827147
793261
693673
1674797
588687
721214
790408
963986
820646
878533
827630
724349
970961
1022640
869171
653627
514291
952880
651892
714394
709904
937537
798991
750748
778647
678623
827118
796809
973437
685096
797044
768783
910091
985069
973037
793689
657877
730886
690262
704953
643654
629230
989840
794100
745705
878345
1190091
838418
554227
701624
921813
833979
598989
672557
879504
897976
818509
791712
980740
894973
831903
999936
926281
607225
759176
597432
1068769
694170
912894
778182
623741
813385
978201
973804
849883
841795
889990
908346
1012261
624756
605436
630422
1137427
1014879
839976
643524
717570
782643
784723
789177
708113
906520
832411
867742
1059622
784532
692396
989293
1009437
897565
755067
646558
739507
962168
716102
648434
990791
865651
756557
746836
635070
680429
873832
991172
973583
562644
2865052
640667
692386
559168
530102
771520
647875
894310
831476
719920
640436
936561
566915
636633
620772
935841
890644
838124
781792
533919
576615
871900
815003
605736
498207
822809
603589
836643
1046072
741948
776394
729771
928469
986907
696284
729135
444432
844087
929954
862134
876888
940295
892514
807868
770425
534506
814441
867501
928842
707829
549072
750548
759095
664864
727578
761011
790504
520046
488104
671555
842423
842352
712135
962947
660507
504585
1208229
810877
640774
660552
652964
817737
671671
825355
2262011
873249
764917
720702
914126
719853
894897
883619
911177
608955
424428
634696
707002
695320
814290
827600
834460
923971
478487
606525
661650
614949
778217
844985
726677
722298
1022870
823401
922159
686512
821784
826759
791377
772640
880493
850139
913145
1015861
1148339
593920
945887
1000448
542602
677480
470036
914932
748172
501526
641711
932105
949173
667832
522872
646332
607021
730891
720633
752755
760571
708728
853534
1008940
834013
841541
775453
907433
840603
781189
1068239
757165
854435
727758
543638
699486
850097
765192
935576
922479
958467
1130832
606996
508606
531702
787956
1327640
697414
647334
968497
779056
671798
754198
609212
592280
720356
833336
916378
839994
827035
2353143
659247
798687
906205
783207
967697
760850
559490
766554
602207
563482
755130
884666
768738
1076901
655597
798705
870541
854321
960927
1006037
824922
918127
833041
900867
1002978
844128
822431
819639
1085410
863538
715381
664284
926565
557328
975708
746040
757806
587742
606912
893390
801716
812273
726877
552962
958993
708335
825296
738252
598280
908233
987805
837842
646691
893065
743799
725507
1036032
691056
817853
1025627
995124
1001371
581739
790696
756850
1196241
733887
635092
824112
635586
710251
770322
701824
832884
647299
839818
1008199
655324
579600
492310
612511
765049
583396
977956
895543
862150
927027
587852
597839
671746
642700
630929
664554
798296
782822
745656
848182
827683
667539
794725
693366
906898
738862
588211
402913
678255
1059564
748379
838721
816559
974836
771225
880319
587979
640350
576960
614988
932807
542807
750543
767252
688729
800401
819003
590124
694627
985210
742845
938464
652999
684167
665114
663934
954836
599098
622797
1145923
935349
936735
925119
908564
702661
643605
888925
687220
1126038
629216
762295
1014455
732192
876286
877903
1361195
1245455
605600
888253
693353
633042
575660
801783
992388
830873
948791
890127
839115
628752
642681
869277
851989
682604
586260
667927
672092
1063202
918486
538574
550035
834949
617943
714192
794023
1009455
667947
765566
818807
1089542
922127
827190
911414
946314
508301
630549
756614
1002135
686315
598660
558603
569754
782840
875467
770961
647970
679053
899801
1111773
828490
571611
517132
862876
1112897
833629
862229
951934
791009
1037478
691916
736402
798970
974208
571788
754793
832154
662472
886282
891832
550011
563800
974060
797101
994904
915624
733531
855263
780627
898950
765842
712245
545670
722745
691837
470977
589998
616535
623088
788385
901727
703660
787095
959323
640819
1101229
848975
1037649
1057590
784323
783113
1038820
644636
679641
1141647
737273
524403
614120
639964
702257
930175
686445
1037506
784256
696863
577512
786999
758029
821447
602544
1006782
835624
1016604
871474
732111
724064
1078995
847632
580767
668558
591100
780081
828994
822408
619596
874216
1016859
939348
854782
741154
886146
769418
868922
874585
949551
879327
1127545
766950
628201
1146456
951684
1000707
12217798
1029812
1078763
1062416
926879
948886
693350
811439
560302
490069
574158
777016
811105
922435
749683
960662
916889
708156
660872
763042
793270
963744
825566
526193
633459
707468
954573
863538
619679
978357
948147
706895
973029
705948
866883
589086
687627
733967
876752
841675
810152
592276
784890
587154
619823
786120
722025
814869
799646
832159
842014
906140
828118
730393
729210
743056
665132
679502
846159
941446
675355
785268
523001
631347
885404
951712
793556
678775
521097
609968
477049
659856
588980
445709
670401
892844
779862
934062
833675
516897
577500
899970
786502
760042
860118
809494
666067
766000
727673
806844
806168
645866
727270
618289
803610
1046122
631686
747441
624145
950984
865191
830856
1021383
1110351
762996
959433
779268
867583
689693
678487
939038
769848
592987
665867
739408
896729
577352
583071
585050
2380312
1041443
952413
873852
1060619
889234
772839
649286
783039
771760
1022642
1064977
717519
573283
685404
931201
860693
904902
763235
777114
552578
740019
690180
823578
940588
981427
689854
740529
925953
1031005
1041878
781898
694581
681895
515307
691156
975063
726193
814892
669232
1058335
1072199
918429
493220
571784
800760
904092
813270
905738
690345
1010189
893464
969032
892482
726626
753837
1006833
763728
567373
747857
733078
855921
965782
878940
894558
730454
757188
479758
743567
530732
522036
821121
761362
668746
768857
924443
1067469
828529
909329
741089
1076680
974459
691830
788558
853131
565034
867888
580979
856591
733537
883836
643625
1051755
600282
918093
1349675
793741
686636
993876
941387
792350
1059269
1127404
772538
1012351
698817
631695
933287
753900
764055
1027163
864696
1003326
707051
474304
560687
708588
822186
812476
450061
888791
741466
578305
874495
738721
706579
781446
521028
928785
827880
884114
834293
562616
738827
909535
690917
977431
689837
897185
846690
616518
967520
939398
768217
886361
818598
811209
781383
627460
914250
677061
671442
972823
562417
618925
1498933
888168
820755
835795
803396
616920
869573
1021999
626388
604135
561096
484686
872012
691244
694336
743183
2061680
657586
715866
952179
853771
668575
744241
830059
588706
777465
706994
1006207
821368
578861
624879
603993
602724
719731
1036248
558823
843789
948506
890589
585497
828777
736834
683843
890101
701268
642996
585872
690963
811308
716574
866083
884344
1060529
943213
683226
748305
800779
742876
802053
492773
684525
799035
893951
938352
673864
726936
535505
660100
614443
559560
776611
1022379
704691
885509
827681
656885
792453
597853
811201
637097
615037
1023511
664912
529741
511639
734692
962205
694935
788721
881834
771790
1027469
571451
637174
595590
657204
533193
620663
1015601
689043
657608
602427
597737
478472
501075
1120578
710428
726506
569497
839608
822169
868863
1016629
754757
680843
1016716
910209
865135
655972
863965
729249
565856
540369
756729
1025745
715046
644156
1084752
653146
916909
831449
687235
595257
612076
676914
703821
645501
829512
773562
705955
786700
835544
840654
883585
751927
800814
902763
731742
1006929
705270
807710
1105060
581906
608252
550720
898356
624902
955302
729106
950097
679269
738783
747037
869763
838036
864927
908726
685392
818613
890011
661881
593932
788712
586412
798258
452272
601451
754904
827883
549198
805574
727061
853537
1027726
798154
707595
751650
1037458
925159
784382
856430
957792
829983
688069
992714
895500
832423
1026134
869875
998372
671650
794628
904941
799047
735848
556766
973502
618998
750825
863302
663623
554287
537435
639377
608926
902324
570940
540750
1098380
811975
610592
697642
785993
1035426
934415
698455
813110
758086
1053164
739562
567717
718589
931941
884188
1084245
972187
901408
497738
768881
874451
1118086
883676
882562
974002
832107
994007
851390
874360
919290
753325
995010
639575
811694
1066467
808551
566416
510691
539623
827913
708058
498670
637611
582282
679616
572899
698288
620703
637992
652217
682511
615264
869312
841066
801583
567661
646863
974859
832027
642137
967789
837778
1033938
799249
819339
923551
856745
784748
682612
914692
1154881
800624
753027
823129
807823
689275
587209
704337
467696
534676
518413
1148809
866954
829126
741857
651344
938390
897491
755617
1020964
854840
1132803
686417
558170
685683
1013063
650229
856453
776730
984028
936933
824217
1140146
840293
582086
733240
849691
791823
980366
635734
717888
572052
584742
784762
630583
573320
865004
899204
580025
944556
566569
831533
812541
697583
818930
899549
1101331
794878
659522
554374
747624
862821
988487
664310
558852
521182
988282
721371
891014
1002807
641313
704150
651302
761002
693592
484413
882347
631027
647952
845546
1085175
668767
1007096
702120
794000
627051
988693
749328
866606
932876
740538
701903
619815
660766
455559
834685
826591
822457
774237
706042
611700
987107
1003478
667278
735576
434761
632663
561251
860870
815503
974140
680363
1106447
698006
649919
786022
708377
848516
614644
681332
787854
1031363
708502
752913
748481
723193
647012
577865
644132
627288
779469
891601
831714
653792
667915
753749
505341
554168
814093
580331
988219
775192
1044877
993576
598326
767253
1087476
995379
642675
651790
1136117
995757
833199
1002822
795997
591048
1011686
880133
721692
776231
607072
810951
851815
705431
818274
608800
805265
891207
1011280
884513
929708
702457
732862
796551
684540
704211
525909
1012428
671867
1000359
900467
776148
717179
973575
745620
886929
917615
750954
750910
617712
702235
823390
736693
1106088
664873
776615
916788
854489
799163
617335
822915
668343
511694
538140
917802
894986
996454
544347
657732
509949
546049
516122
905895
816773
715027
819642
991089
587856
577856
813350
960118
802503
793120
759407
2581475
695546
801286
976191
1007054
921869
836995
980340
914925
635746
542662
984085
1014682
626098
795066
763538
732405
874928
884812
1111653
895923
749111
924807
869204
745541
664263
641157
843461
529754
741548
839822
675380
697527
642125
545936
550410
3625958
562206
918507
688789
938905
753749
809559
1018918
893058
548868
719819
956076
781154
634657
725392
717119
681988
662367
910800
865056
722721
793050
671441
1057033
1119670
618714
722728
697591
858183
594428
606578
571220
759436
921176
819120
1016097
847033
763503
756235
671103
742141
1041193
962535
588275
914057
707528
862450
861024
862099
817979
880359
918166
1046660
967635
735404
834675
1174506
872115
653838
990735
992599
676026
1082684
647652
803047
1011609
781288
966607
896611
948010
853586
802743
923639
758373
1024324
846567
889454
748953
888581
777621
476032
707439
662414
864357
793242
632695
984554
825617
721194
758977
842816
505444
964042
836536
809676
753179
765727
799598
799305
747356
873091
844074
778284
858387
657183
696086
683510
526961
790401
649352
603651
679862
946435
1011369
812294
936921
659594
644636
527398
866108
676011
538185
1040108
613189
735191
975617
962207
603327
939876
856251
793073
965011
787560
668195
708045
976985
871041
659040
735633
775675
984888
816531
1057030
786100
864486
782082
527702
633465
742242
676145
745356
863460
850200
643912
526262
1005563
846422
583990
778632
718703
784300
714565
782501
953181
587096
877487
450903
769930
769538
462286
969779
790703
625422
792696
888289
981400
904206
912699
651919
709818
1009717
853566
761984
772783
671768
843117
979785
807207
652501
503917
989578
722646
752405
583511
645394
573183
609283
645767
1054500
965670
874671
1040462
664250
787619
909630
883586
662165
681264
744237
855397
670839
836348
918816
900332
596265
569287
948514
892935
847535
643520
556519
683059
633790
793573
673062
778249
705173
590974
760147
745212
1091637
713529
833095
684387
919100
847437
826929
590452
753193
715856
896387
710495
991109
757124
721919
604203
962984
676112
916454
538113
634812
745249
758350
794867
777883
858407
805781
884350
931364
797925
894013
934141
790241
776973
766599
695156
895558
863880
523457
849572
765566
683952
695261
557558
1043247
854942
722870
481938
1129065
736569
897426
700186
768514
870561
1104676
916544
585796
642601
827341
510101
732306
677396
775715
820165
1003156
555076
585161
670268
2347142
578170
685281
531701
709778
759893
1002727
785438
769962
782991
738784
551810
1001837
1043874
454398
576524
720476
643803
627527
561342
759161
889246
760075
655357
750468
835411
806668
866685
602232
955001
757040
672383
720762
392122
750726
570407
741819
472363
813915
1075017
1017117
519852
541447
581460
499780
886840
855968
2247617
919678
723170
946188
845878
953030
755116
1024688
1005980
909045
774889
796277
833014
863560
656286
897530
628003
1112052
937883
958658
852264
973905
632039
625387
658492
909842
925767
1038330
680088
570919
629709
806972
861397
822093
890210
947493
844587
819493
803778
1033906
803393
906011
740952
877408
862176
689256
520004
804375
631692
678280
789087
995157
1009306
778247
961055
1102989
764756
942347
681853
846344
719425
1035322
879834
749000
673867
1011833
995684
867308
604062
660541
539223
630606
658815
580022
934759
817578
651442
550673
847199
509073
621166
880100
661895
641739
541208
866989
944261
962610
797213
677227
647890
542363
647404
705969
615592
596512
1035772
808956
832231
537739
671344
1027942
741578
540792
1035209
975678
1009795
637576
948283
901879
812433
616746
623195
828007
632448
957245
799362
732176
919563
577074
661646
814143
971969
623081
551607
828700
776571
841904
689922
517002
522393
927267
902664
725890
572767
707420
783924
504373
1027673
751687
970892
1149917
604156
494157
951905
840349
799801
619109
976341
904643
1035915
976656
955749
754238
886466
554277
490592
778909
749812
881934
987036
838070
1021289
729520
768238
760582
832748
855478
547267
808634
870429
940465
671771
812535
895847
644028
780849
832479
868756
856328
888308
815088
1076811
632567
753712
764164
833469
802033
800048
762742
776216
775788
701949
596116
817558
1043212
690035
681064
804655
691344
1081146
587974
761162
505667
655486
783305
858403
902470
814809
991180
931931
939981
776003
934823
818889
622259
751983
819710
738547
640261
662052
682131
603260
743320
1009647
741988
743120
864580
913170
837295
1105651
985430
768760
756777
1028072
994256
877308
771525
692386
843187
765971
542314
633754
763873
829747
864537
703732
711253
610624
671033
505313
1049690
676014
713478
1043457
640587
835303
2234610
737536
676264
534095
631700
658672
701078
450785
566253
828831
822631
691539
698223
658367
836083
664426
856567
841207
871453
787336
652051
615346
738502
626871
980393
606931
847444
865686
1518846
797732
855841
1048509
575150
571905
560556
560050
721945
816148
497596
485978
857667
634511
519299
720314
791019
905505
595216
623287
1010421
692022
928199
653495
613101
551957
438147
550456
942633
694108
692717
576131
963150
759957
1064735
780946
634010
615286
624345
553713
1001601
682756
821147
894717
600681
664335
665483
693249
1396642
581901
893421
929195
742487
756249
841468
804261
925126
780900
527367
583582
1052726
776888
797143
637427
873482
829795
491079
913978
957114
977261
749068
548551
455944
812536
596821
503227
917541
938828
841371
711856
769913
836018
840210
747226
764220
713279
732996
961263
877306
740158
846295
961435
829400
610995
743736
710517
1098389
853372
820735
1037882
879763
875747
712555
848649
862710
759701
565477
944930
985296
716741
919283
983950
822354
900697
740637
541958
808056
628354
650821
865695
619326
650892
884382
663531
791360
656692
837851
717185
809510
616382
602000
606276
756701
738905
819418
593144
1105538
671993
714501
493663
884602
779929
973601
612526
540602
472162
731062
745494
698670
851288
602645
721064
835942
817036
820626
641648
919171
596820
572467
629351
732216
674586
729283
779247
759707
994311
805999
510414
701409
511431
503330
548175
736818
774461
650990
769680
919005
768832
630308
853760
816222
743662
849815
865004
688299
783907
922585
747777
644852
738486
683219
521264
481316
605552
1004324
564976
872136
1021317
661117
695976
865889
824153
1209396
774490
586545
671422
489572
1085955
1131640
769183
698037
710757
1068916
818808
721825
690025
647545
817230
809486
715962
815969
704050
801518
744370
689082
811160
943275
707060
1140128
859085
772294
1052176
578897
930929
795131
758154
636919
827518
884818
843112
716725
759075
472179
678627
821339
650947
990643
698098
874788
691778
766067
423821
893147
837217
916938
1019182
698283
608321
902702
939820
641154
688429
848973
956846
832184
821421
773254
1043007
528919
995793
529277
734818
580901
567191
868018
905471
891219
805665
706641
755447
790414
641835
1102079
966237
629273
693791
727508
985796
755034
638881
832371
904884
852834
856508
821873
971759
747788
655720
823817
695084
813324
1131953
883712
564181
802839
759564
787941
849448
858236
993494
505605
547545
987031
876610
933558
594049
1039622
952384
854289
778502
1136250
823912
782633
571320
569441
712519
1035510
811625
971937
842419
944025
554526
475908
991655
584435
889729
692970
567524
623472
514097
777921
962213
898292
762278
1006959
897763
971555
777375
899913
629374
649217
618439
811489
562900
722308
838078
852770
739117
615599
953238
837334
573093
840326
930009
818075
944173
715002
709249
1000815
800263
558749
460546
1026793
829378
1005830
850472
468167
1026020
558982
946303
824301
679202
565606
602951
812429
874364
593059
818845
1100686
884146
691745
1221055
666537
898479
786070
681089
997176
863357
736921
830790
759219
1161566
1015348
636497
765026
1294666
654070
651478
782635
705133
802440
857679
837611
1085175
559294
1058840
812582
741047
924081
769422
720147
806349
778006
957282
1044370
844451
913183
917877
832454
1266164
931175
703900
933988
812468
989975
918476
756713
1007102
529362
632797
824252
1006727
795796
845251
1044464
893375
918370
623985
871334
866781
1059372
779002
805757
715930
869844
2082087
501819
716163
426992
622728
674122
675446
609433
487488
581439
714845
878600
683708
626483
848770
774222
657098
822580
1060142
815448
908380
452955
490765
764416
556569
860377
793751
1004136
701846
716658
741634
1090352
829842
659695
678341
642275
555617
675619
653185
583573
569365
660155
945427
824431
921729
452555
1063924
797185
872196
669587
933682
586210
621083
634407
1068285
733792
667404
941186
768248
792508
906546
975011
671266
1129384
688638
705536
845984
1036048
764733
564710
624816
873846
1035880
708848
781257
808281
589605
717476
746565
760089
871866
852124
652317
640043
589912
886451
686989
564037
967419
964950
694712
889265
941417
773612
1014258
811587
784815
727841
832009
765291
928458
676928
686625
748239
496246
825358
477817
612326
623903
831801
945428
906883
608541
846981
850641
877935
818229
509861
943176
877780
980041
622715
737055
759975
618441
887099
773128
799435
584757
729882
1006952
1096861
633290
802471
789426
614870
807850
722888
466579
910085
800415
680312
534494
883419
802019
493133
917188
848696
673687
892774
800135
836119
689182
806808
863164
721799
809810
940581
874823
677303
605002
933638
811660
717449
634661
1245659
887288
939518
692822
926049
920857
580039
752677
779519
527499
968393
837168
664216
476542
935669
665321
640038
427263
715885
1039737
610905
844489
736674
607380
693852
578005
783926
613705
524041
624142
1002396
755658
807851
767365
688477
650837
957951
826236
874422
1017417
951037
903799
663434
535740
933856
757273
1014010
675976
496557
574378
868125
704096
912474
975917
818369
635074
581507
588932
734626
783112
709369
692921
1015409
672982
627721
719818
427593
660337
889613
522378
545585
667869
606977
686326
471900
637091
826255
682203
592360
637475
531434
623111
713972
577044
823996
844213
417958
841618
797587
710993
777042
749288
801614
895119
746658
590625
563663
743955
581670
538641
979489
957751
558603
800077
1005065
879783
613741
690419
1085853
579620
600943
612128
591443
914236
1032079
933830
868268
735376
760005
500544
595872
572136
864195
761657
561188
549142
761824
878426
981198
741332
853813
834893
852411
862585
886233
942361
754013
706634
540848
723217
633018
732003
652071
831278
722774
498753
630791
656983
710738
752143
856863
919000
683610
618415
645757
838468
875878
634475
698074
823870
1020575
802429
773311
659820
787817
853176
873700
766494
1039364
874977
1034269
948201
640315
520035
633958
894225
723005
836871
681578
540645
543991
851400
671866
766618
454536
635175
534046
709394
834776
647590
627067
1027315
757085
583909
641658
940033
592493
661145
814057
642063
1001457
723447
943551
962233
727109
809102
708598
642599
771144
810752
619697
792755
915808
1115286
711918
808954
573213
689320
770072
874060
604810
917510
614376
759192
928347
874705
659559
782790
891141
969791
779772
691230
692828
961356
601119
962123
793891
1015120
913637
660693
971115
714002
749651
896423
640438
896140
658227
985033
943648
817666
706739
1035782
959520
783916
990626
1051743
691319
601069
890611
731193
609673
542715
802709
1472750
1516596
599920
933831
755664
796930
559677
618794
695702
901908
883106
947324
889684
619416
579119
666008
647984
776982
788391
547215
918960
573797
548858
472290
648777
3035851
584017
1057583
947190
688046
1046235
850936
851931
774459
751308
1044105
1134534
832101
846711
747807
881387
882047
685708
687972
777307
576764
764859
2202788
689097
714955
974275
887914
818043
988830
569234
975818
964045
731027
731659
708287
884819
576836
865675
758217
664274
563566
698487
947685
916006
979065
617552
637845
878888
816281
828928
681453
652977
801292
975976
753807
586442
437494
694815
579993
591269
713731
940213
715188
671391
557012
600125
710105
853356
583331
2213524
569180
630585
816720
1101746
1008783
943292
617104
838351
723543
857779
648330
712799
674897
864317
666209
781468
735177
759321
686096
984743
979459
1060110
836861
788319
588326
491326
1008805
970073
702114
642150
977562
669250
746697
989335
537925
632879
1077979
1005916
594314
598252
597922
749089
824557
703237
611309
617907
897810
545385
727326
585396
631506
749560
625480
648931
661978
1032644
955292
992610
935054
682999
734451
640916
1094485
900389
726562
899861
769890
645286
807126
780597
829151
636919
618502
912453
1048019
992612
1057457
918025
800755
730405
733679
783235
682418
1052611
666565
925132
777184
1041543
992367
1021601
678326
723867
971908
882647
585627
430813
414642
762724
902625
876377
609566
918906
759600
701627
934908
560976
746369
877152
881603
821984
731843
929253
926183
808513
952282
717053
826104
1115177
1062009
772460
1010640
849072
758876
876327
1041893
741372
1003995
894224
872149
793314
984179
955186
920430
771713
976350
693300
1002194
672692
806427
659587
924743
522022
1485176
881027
903769
620739
834334
649718
1106645
893598
933987
729892
622732
771125
970793
816166
830009
796531
856398
785106
849587
637814
737956
606676
891545
609694
705482
916651
916406
779334
898397
783073
786524
740831
728668
636676
770446
783448
898980
566468
491300
567702
721554
509539
644798
754265
846499
931439
748164
750587
635910
519057
911679
792819
923251
615908
1089202
733469
848678
816734
648765
717196
707329
530651
828128
786454
952635
769322
919320
770169
471595
618367
617668
579302
689055
779115
641216
527124
759214
667499
942661
790636
579611
818034
761398
672716
705674
528117
1024278
675611
729483
756839
691208
1064905
729732
563438
1008237
1331670
1123670
677664
666363
817575
995772
816426
918076
659602
836192
929292
781806
894369
947897
690733
638719
476509
969990
677518
659787
952587
913019
801830
952824
836556
865214
835779
1050366
757591
912050
764564
932827
918538
845207
941574
772009
794476
575761
778490
658414
957363
765844
928271
907565
827786
705302
629749
753541
611987
849407
1039152
695206
551298
675905
643273
527480
549629
711476
905185
604290
930464
842962
905835
662580
941515
837446
947968
636393
576733
693803
834731
482423
628278
663735
618465
779733
527755
1101369
755862
876182
941745
847019
983746
906382
983768
890104
797402
881898
855039
844662
531050
605974
550846
949486
1062133
663706
705063
605681
644741
795193
895926
759043
807349
825350
889499
1007830
763343
760989
818205
653862
830669
650948
748759
810711
672448
883547
729511
716324
742928
647436
760594
739285
880999
805159
755925
761052
830245
1167988
934118
683847
863647
558848
652403
1092932
934605
660676
727075
612526
838455
856726
721446
813745
761902
562071
717460
740459
731997
788594
769817
674022
821550
892806
831917
805546
783354
815880
779314
934732
1108870
690083
943020
665442
960964
1064179
1048499
679300
856846
1505305
875588
893938
1031331
921076
822619
925989
1189384
837556
884060
644562
738940
1097925
975550
879479
787485
956171
571420
532659
702628
679730
489052
583879
848676
987949
825610
766861
872312
890528
518422
560442
525241
702721
589647
537070
574142
671554
545368
566002
662794
649248
751587
712273
955575
859902
756920
831287
738212
701903
838570
1005610
970857
744975
887299
1022900
770088
747521
987901
600728
794667
602657
655384
912562
807668
873676
570465
908083
919459
821965
651289
667907
707830
705370
758832
590244
757765
616879
801740
1028625
712773
952319
840107
857243
622923
775475
879374
1030362
988576
600477
871396
831158
611872
551485
1166013
1080320
834532
756461
582143
514638
580949
499010
900423
798248
892054
883193
1104994
683029
658587
846021
852455
658729
860367
822086
1009813
693860
697208
715683
816569
597427
594493
668470
688361
554320
646104
762521
555100
723958
656048
811728
803234
728213
714338
611130
960669
973982
670208
661729
806643
547246
767702
638534
601109
525144
675614
517691
620891
663279
1088755
940080
724985
755181
734909
762607
1080897
780897
780282
571370
519838
627659
948862
856958
606238
869750
1097773
858795
712308
632250
646099
610184
665084
983213
823580
828525
793174
742713
625019
808567
956669
659489
855805
941398
937908
700223
904929
1071136
926008
702488
966528
811573
743582
1002581
469972
831987
648924
606403
708870
445257
541635
787221
604011
452380
677076
715083
791786
699439
707625
499965
581908
962409
595428
829624
730637
632996
564259
571318
544128
796384
882750
740323
680101
818117
897314
881573
790171
809752
785616
991065
685560
624215
804862
820187
633617
687123
742969
1016304
789925
661034
584203
708909
641798
643126
736109
488405
885322
832680
889771
1020052
825498
866137
732726
932751
1151562
624857
616863
605563
937846
944032
807590
801400
1009749
666438
796991
694353
516214
632906
826175
802790
881964
663917
519574
877612
947718
797284
882274
817808
643615
677398
778207
646327
779238
639802
875316
981972
1130329
983054
465213
573312
616080
951198
853675
800704
753900
563533
733267
832468
614453
657291
576805
867399
676831
942513
904703
714029
764637
803251
670752
659404
743828
702251
638677
636491
550023
762488
808278
884969
1094507
575945
615607
637683
552611
674422
895827
589735
992492
1019530
769825
702806
614732
492458
737568
1053163
909953
1299842
468689
587184
703775
850870
716103
1000992
1051930
895679
886394
732706
684417
870040
730491
746685
571605
523205
584818
711822
871357
834937
860134
666549
842101
607628
514419
470202
890252
955894
496452
645528
790228
588986
701609
983163
805475
824154
680934
941835
806353
876041
671138
888516
907237
889471
772155
696489
646416
821229
603242
566259
745658
958612
921115
771215
861080
669828
678831
847072
807457
1136842
821912
680283
537913
933193
670526
1042465
730933
697152
879917
958991
706163
857506
770403
941806
716658
1241728
708633
826289
715163
591954
887538
908728
687370
627106
883387
922835
1060617
932527
715530
737600
966522
1162156
841101
739635
576716
771973
623908
944301
668986
844203
803929
983952
977558
900021
560481
1023127
709902
754336
685425
877094
612991
872246
801159
878949
833028
871396
789512
751882
609346
781089
531582
677319
584704
671619
